@Book{melnikov,
  Title                    = {Лекции по теории графов},
  Author                   = {В. А. Емеличев, О. И. Мельников, В. И. Сарванов, Р. И. Тышкевич},
  Publisher                = {Книжный дом Либроком},
  Year                     = {2009},
  Volume                   = {392},

  Owner                    = {amikholap},
  Timestamp                = {2015.05.09}
}


@Manual{golenkov_2013,
  Title                    = {Представление и обработка знаний в графодинамических ассоциативных машинах},
  Author                   = {В.В. Голенков},
  Organization             = {БГУИР},
  Year                     = {2001},

  Owner                    = {amikholap},
  Publisher                = {Минск},
  Timestamp                = {2015.04.19}
}

@Manual{shunkevish_2013,
  Title                    = {Модели и средства компонентного проектирования машин обработки знаний на основе семантических сетей},
  Author                   = {Д. В. Шункевич},
  Organization             = {БГУИР},
  Year                     = {2013},

  Owner                    = {amikholap},
  Publisher                = {Минск},
  Timestamp                = {2015.04.19}
}

@Manual{gsd_2013,
  Title                    = {Семантическая технология проектирования интеллектуальных решателей задач на основе агентно-ориентированного подхода},
  Author                   = {В. В. Голенков, Д. В. Шункевич, И. Т. Давыденко},
  Organization             = {БГУИР},
  Year                     = {2013},

  Owner                    = {amikholap},
  Publisher                = {Минск},
  Timestamp                = {2015.04.19}
}

@Manual{sdkgb_2015,
  Title                    = {Методика компонентного проектирования систем, управляемых знаниями},
  Author                   = {Д. В. Шункевич, И. Т. Давыденко, Д. Н. Корончик, А. В. Губаревич, А. С. Борискин},
  Organization             = {БГУИР},
  Year                     = {2015},

  Owner                    = {amikholap},
  Publisher                = {Минск},
  Timestamp                = {2015.04.19}
}

@Manual{kr1_2015,
  Title                    = {Пользовательский Интерфейс Интеллектуальной Метасистемы},
  Author                   = {Д. Н. Корончик},
  Organization             = {БГУИР},
  Year                     = {2014},

  Owner                    = {amikholap},
  Publisher                = {Минск},
  Timestamp                = {2015.04.19}
}

@Manual{kr2_2015,
  Title                    = {Семантические Модели Мультимодальных Пользовательских Интерфейсов},
  Author                   = {Д. Н. Корончик},
  Organization             = {БГУИР},
  Year                     = {2012},

  Owner                    = {amikholap},
  Publisher                = {Минск},
  Timestamp                = {2015.04.19}
}

@Book{js,
  Title                    = {JavaScript: Подробное руководство},
  Author                   = {Дэвид Флэнаган},
  Publisher                = {O'Reilly Media},
  Year                     = {2011},
  Volume                   = {1096},

  Owner                    = {amikholap},
  Timestamp                = {2015.05.09}
}


@Electronic{ims,
  Title                    = {Интеллектуальная Метасистема IMS},
  Url                      = {http://ims.ostis.net},

  Owner                    = {amikholap},
  Timestamp                = {2015.05.06}
}
